@online{Borrelli_One_dimensional_Convex_Integration_1,
  author = {Vincent Borrelli},
  title = {Talk I: One dimensional Convex Integration},
  year = 2012,
  url = {http://math.univ-lyon1.fr/~borrelli/Diablerets/1-diablerets.pdf}
}

@online{Borrelli_One_dimensional_Convex_Integration_2,
  author = {Vincent Borrelli},
  title = {Talk II: One dimensional Convex Integration},
  year = 2012,
  url = {http://math.univ-lyon1.fr/~borrelli/Diablerets/2-diablerets.pdf}
}

@book{book:Weibel_Homological_algebra,
place={Cambridge}, series={Cambridge Studies in Advanced Mathematics}, title={An Introduction to Homological Algebra}, DOI={10.1017/CBO9781139644136}, publisher={Cambridge University Press}, author={Weibel, Charles A.}, year={1994}, collection={Cambridge Studies in Advanced Mathematics}}

@book{book:Wendl_Holomorphic_Curves_in_Low_Dimensions,
 ISBN = {978-3-319-91371-1},
 URL = {https://www.springer.com/gp/book/9783319913698},
 author = {Chris Wendl},
 publisher = {Springer International Publishing},
 title = {Holomorphic Curves in Low Dimensions},
 year = {2018},
 series={Lecture Notes in Mathematics}
}

@book{book:Milnor_h_cobordism,
 ISBN = {9780691079967},
 URL = {http://www.jstor.org/stable/j.ctt183psc9},
 author = {Milnor, J. and Siebenmann, L. and Sondow J.},
 publisher = {Princeton University Press},
 title = {Lectures on the H-Cobordism Theorem},
 year = {1965}
}

@book{book:Hatcher_Algebraic_Topology,
  title={Algebraic Topology},
  author={Hatcher, A.},
  isbn={9780521795401},
  lccn={00065166},
  series={Algebraic Topology},
  url={https://books.google.com/books?id=BjKs86kosqgC},
  year={2002},
  publisher={Cambridge University Press}
}

@book{book:Spring_Convex_Integration_Theory,
	title =     {Convex Integration Theory},
	subtitle =  {Solutions to the h-principle in geometry and topology},
	author =    {Spring, David},
	publisher = {Birkhäuser Basel},
	isbn =      {978-3-0348-8940-7},
	year =      {1998},
	series =    {Monographs in Mathematics},
	edition =   {},
	volume =    {92},
	DOI = {10.1007/978-3-0348-8940-7}
}

@book{book:Eliashberg_h_principle,
	title =     {Introduction to the h-Principle},
	author =    {Eliashberg, Y. and
	Mishachev, N.},
	publisher = {AMS},
	isbn =      {},
	year =      {2002},
	series =    {Graduate Studies in Math.},
	edition =   {},
	volume =    {Volume 48},
}

@book{Adachi_Embeddings_and_Immersions,
  title={Embeddings and Immersions},
  author={Adachi, M.},
  isbn={9780821846124},
  lccn={93007464},
  series={Translations of mathematical monographs},
  year={1993},
  publisher={AMS}
}

@book{book:Hirschhorn_Model_Categories,
	title =     {Model Categories and Their Localizations},
	author =    {Philip Hirschhorn},
	publisher = {AMS},
	isbn =      {},
	year =      {2009},
	series =    {},
	edition =   {},
	volume =    {},
}

@book{book:Ana_Cannas_da_Silva,
	title =     {Lectures on Symplectic Geometry},
	author =    {Cannas da Silva, Ana},
	publisher = {Springer-Verlag Berlin Heidelberg},
	isbn =      {},
	year =      {2001},
	series =    {Lecture Notes in Mathematics 1764},
	edition =   {1},
}

@book{book:Munson_Cubical_Homotopy_Theory,
  place={Cambridge},
  series={New Mathematical Monographs},
  title={Cubical Homotopy Theory},
  DOI={10.1017/CBO9781139343329},
  publisher={Cambridge University Press},
  author={Munson, Brian and
		Voli{\'{c}}, Ismar},
  year={2015},
  collection={New Mathematical Monographs}
}

@book{book:Gromov_Partial_Differential_Relations,
	title =     {Partial Differential Relations},
	author =    {Mikhael Gromov},
	publisher = {Springer},
	isbn =      {},
	year =      {1986},
	series =    {A Series of Modern Surveys in Mathematics},
	edition =   {},
	volume =    {},
	edition =   {}
}

@book{book:Hirsch_Differential_Topology,
	title =     {Differential Topology},
	author =    {Morris Hirsch},
	publisher = {Springer-Verlag},
	isbn =      {},
	year =      {1976},
	series =    {},
	edition =   {},
	volume =    {},
	edition =   {}
}

%%%%%%%%%%%%%%%%%%%%%%%%%%%%%%%%%%%%%%%%%%%%%%%%%%%%%%%%%%%%%%%
%%%%%%%%%%%%%%%%%%%%%%%%%%%%%%%%%%%%%%%%%%%%%%%%%%%%%%%%%%%%%%%
%%%%%%%%%%%%%%%%%%%%%%%%%%%%%%%%%%%%%%%%%%%%%%%%%%%%%%%%%%%%%%%
%%%%%%%%%%%%%%%%%%%%%%%%%%%%%%%%%%%%%%%%%%%%%%%%%%%%%%%%%%%%%%%
%%%%%%%%%%%%%%%%%%%%%%%%%%%%%%%%%%%%%%%%%%%%%%%%%%%%%%%%%%%%%%%
%%%%%%%%%%%%%%%%%%%%%%%%%%%%%%%%%%%%%%%%%%%%%%%%%%%%%%%%%%%%%%%


@article{Nakade_An_application_of_the_h-principle_to_manifold_calculus,
	author = {Nakade, Apurva},
	title = {An application of the {$h$}-principle to manifold calculus},
	doi = {10.1007/s40062-020-00255-3},
	isbn = {1512-2891},
	journal = {Journal of Homotopy and Related Structures},
	url = {https://doi.org/10.1007/s40062-020-00255-3},
	year = {2020}
}


@ARTICLE{Nakade_an_application_of_h-principle_to_manifold_calculus,
       author = {{Nakade}, Apurva},
        title = "{An Application of h-principle to Manifold Calculus}",
      journal = {arXiv e-prints},
     keywords = {Mathematics - Algebraic Topology, 57N65, 57N35 (Primary), 55P65 (Secondary), 32Q60, 53D05},
         year = "2017",
        month = "Nov",
          eid = {arXiv:1711.07670},
        pages = {arXiv:1711.07670},
archivePrefix = {arXiv},
       eprint = {1711.07670},
 primaryClass = {math.AT},
       adsurl = {https://ui.adsabs.harvard.edu/\#abs/2017arXiv171107670N},
      adsnote = {Provided by the SAO/NASA Astrophysics Data System}
}

@article{Kuipers_On_C1_isometric_imbeddings_I,
	author = "Kuiper, Nicolaas Hendrik",
	title = "On {$C^1$}-isometric imbeddings {I}",
	year = "1958",
	journal = "Koninklijke Nederlandse Akademie van Wetenschappen Proceedings",
	pages = "545–556"
}

@article{Nash_C1_isometric_imbeddings,
	author = "John Nash",
	title = "{$C^1$}-isometric imbeddings",
	year = "1960",
	journal = "Annals of Mathematics",
	pages = "383–396"
}

@article{Nash_The_imbedding_problem_for_Riemannian_manifolds,
	author = "John Nash",
	title = "The imbedding problem for Riemannian manifolds",
	year = "1963",
	journal = "Annals of Mathematics",
	pages = "20–63"
}

@article{Whitney_On_regular_closed_curves_in_the_plane,
	author = "Hassler Whitney",
	title = "On regular closed curves in the plane",
	year = "1937",
	journal = "Compositio Mathematica",
	volume = "4",
	number = "",
	pages = "276-284"
}

@article{Palais_Local_Triviality_of_the_Restriction_Map_for_Embeddings,
author = {Palais, Richard S.},
journal = {Commentarii mathematici Helvetici},
pages = {305-312},
title = {Local Triviality of the Restriction Map for Embeddings.},
url = {http://eudml.org/doc/139198},
volume = {34},
year = {1960},
}

@article{Lima_On_the_local_triviality_of_the_restriction_map_for_embeddings,
author="Lima, Elon L.",
title="On the local triviality of the restriction map for embeddings",
journal="Commentarii Mathematici Helvetici",
year="1963",
month="Dec",
day="01",
volume="38",
number="1",
pages="163--164",
issn="1420-8946",
doi="10.1007/BF02566913",
url="https://doi.org/10.1007/BF02566913"
}

@article{Goodwillie_first_derivative_of_pseudoisotopy_theory,
author = {G. Goodwillie, Thomas},
year = {1990},
month = {01},
pages = {1-27},
title = {Calculus I: The first derivative of pseudoisotopy theory},
volume = {4},
journal = {K-Theory},
doi = {10.1007/BF00534191}
}

@article{Weiss_Embeddings_from_,
	author = "Michael Weiss",
	title = "Embeddings from the point of view of immension theory : Part {I}",
	year = "1999",
	journal = "Geometry and Topology",
	volume = "3",
	number = "",
	pages = "67-101"
}

@article{Goodwillie_Weiss_Embeddings_from_,
	author = "Thomas Goodwillie and
	Michael Weiss",
	title = "Embeddings from the point of view of immension theory : Part {II}",
	year = "1999",
	journal = "Geometry and Topology",
	volume = "3",
	number = "",
	pages = "103-118"
}

@article{Borrelli_On_totally_real_,
	author = {Borrelli, Vincent},
	title = {On totally real isotopy classes},
	journal = {International Mathematics Research Notices},
	volume = {2002},
	number = {2},
	pages = {89-109},
	year = {2002}
}

@article{Arone_On_the_rational_homology_of_,
	author = {Gregory Arone and
	Victor Turchin},
	title = {On the rational homology of high-dimensional analogues of spaces of long knots},
	journal = {Geometry \& Topology},
	volume = {18},
	number = {3},
	pages = {1261-1322},
	year = {2014}
}

@article{Arone_Calculus_of_functors_,
	author="Arone, Gregory
	and Lambrechts, Pascal
	and Voli{\'{c}}, Ismar",
	title="Calculus of functors, operad formality, and rational homology of embedding spaces",
	journal="Acta Mathematica",
	year="2007",
	month="Dec",
	day="01",
	volume="199",
	number="2",
	pages="153--198"
}

@article{Pedro_Manifold_calculus_and_homotopy_sheaves,
	author = {Boavida de Brito, Pedro and Weiss, Michael},
	year = {2012},
	month = {Feb},
	pages = {},
	title = {Manifold calculus and homotopy sheaves},
	volume = {15},
	journal = {Homology, Homotopy and Applications}
}

@article{Sinha_The_Topology_of_Spaces_of_Knots,
	ISSN = {00029327, 10806377},
	author = {Dev P. Sinha},
	journal = {American Journal of Mathematics},
	number = {4},
	pages = {945-980},
	publisher = {Johns Hopkins University Press},
	title = {The Topology of Spaces of Knots: Cosimplicial Models},
	volume = {131},
	year = {2009}
}

@article{Salvatore_Framed_Discs_Operads_,
	author = {Salvatore, P and
	Nathalie Wahl},
	year = {2003},
	month = {Jun},
	pages = {213-231},
	title = {Framed Discs Operads and Batalin-Vilkovisky Algebras},
	volume = {54},
	booktitle = {The Quarterly Journal of Mathematics}
}

@article{Arnold_Characteristic_class_entering_in_quantization_conditions,
	author="Arnol{'}d, V. I.",
	title="Characteristic class entering in quantization conditions",
	journal="Functional Analysis and Its Applications",
	year="1967",
	month="Jan",
	day="01",
	volume="1",
	number="1",
	pages="1--13",
	issn="1573-8485",
}

@article{Smale_Classification_of_Immersions_of_Spheres_,
	author = {Stephen Smale},
	journal = {Annals of Mathematics},
	number = {2},
	pages = {327-344},
	publisher = {Annals of Mathematics},
	title = {The Classification of Immersions of Spheres in Euclidean Spaces},
	volume = {69},
	year = {1959}
}

@article{Sinha_Operads_and_knot_spaces,
	author = {Dev Sinha},
	title = {Operads and knot spaces},
	journal = {J. Amer. Math. Soc.},
	volume = {19},
	pages = {461-486},
	year = {2006}
}

@article{Goodwillie_Klein_Multiple_disjunction_,
	author = {Goodwillie, Thomas G. and Klein, John R.},
	title = {Multiple disjunction for spaces of Poincare embeddings},
	journal = {Journal of Topology},
	volume = {1},
	number = {4},
	pages = {761-803},
	year = {2008}
}

@article{Dwyer_Hess_Long_knots_and_maps_between_operads,
	author = {Dwyer, W. and Hess, K.},
	title = {Long knots and maps between operads},
	journal = {Geometry and Topology},
	volume = {16},
	pages = {919-955},
	year = {2012}
}

@article{Boavida_Weiss_Spaces_of_smooth_embeddings_,
author = {Boavida de Brito, Pedro and Weiss, Michael},
title = {Spaces of smooth embeddings and configuration categories},
journal = {Journal of Topology},
volume = {11},
number = {1},
pages = {65-143},
keywords = {55U40, 57R40 (primary), 55P48 (secondary)},
doi = {10.1112/topo.12048},
url = {https://londmathsoc.onlinelibrary.wiley.com/doi/abs/10.1112/topo.12048},
eprint = {https://londmathsoc.onlinelibrary.wiley.com/doi/pdf/10.1112/topo.12048},
year = {2018}
}

@article{Lees_Classification_of_Lagrange_immersions,
	author = "Lees, J. Alexander",
	fjournal = "Duke Mathematical Journal",
	journal = "Duke Math. J.",
	month = "Jun",
	number = "2",
	pages = "217--224",
	publisher = "Duke University Press",
	title = "On the classification of {L}agrange immersions",
	volume = "43",
	year = "1976"
}


@article{Eliashberg_Mishachev_Holonomic_approximation,
	author = {{Eliashberg}, Y.~M. and {Mishachev}, N.~M.},
	title = "{Holonomic approximation and Gromov's h-principle}",
	journal = {ArXiv Mathematics e-prints},
	eprint = {math/0101196},
	keywords = {Symplectic Geometry, Geometric Topology},
	year = 2001,
	month = "Jan",
}

@article{Palais_Homotopy_theory_of_infinite_dimensional_manifolds,
	title = "Homotopy theory of infinite dimensional manifolds",
	journal = "Topology",
	volume = "5",
	number = "1",
	pages = "1 - 16",
	year = "1966",
	issn = "0040-9383",
	author = "Richard S. Palais"
}

@article{Eells_A_setting_for_global_analysis,
	author = "Eells, James",
	fjournal = "Bulletin of the American Mathematical Society",
	journal = "Bull. Amer. Math. Soc.",
	month = "Sep",
	number = "5",
	pages = "751--807",
	publisher = "American Mathematical Society",
	title = "A setting for global analysis",
	volume = "72",
	year = "1966"
}

@article{Abouzaid_Kragh_On_the_immersion_classes_,
	author = {Abouzaid, Mohammed and Kragh, Thomas},
	title = {On the immersion classes of nearby {L}agrangians},
	journal = {Journal of Topology},
	volume = {9},
	number = {1},
	publisher = {Oxford University Press},
	issn = {1753-8424},
	pages = {232--244},
	year = {2016},
}

@article{Abouzaid_Nearby_Lagrangians_with_vanishing_Maslov_,
	author="Abouzaid, Mohammed",
	title="Nearby {L}agrangians with vanishing {M}aslov class are homotopy equivalent",
	journal="Inventiones mathematicae",
	year="2012",
	month="Aug",
	day="01",
	volume="189",
	number="2",
	pages="251--313",
}

@article{Audin_totally_real_embeddings,
	author = {Audin, Michele},
	journal = {Commentarii mathematici Helvetici},
	number = {4},
	pages = {593-623},
	title = {Fibr{\'{e}}s normaux d'immersions en dimension double, points doubles d'immersions {L}agrangiennes et plongements totalement r{\'{e}}els.},
	url = {http://eudml.org/doc/140136},
	volume = {63},
	year = {1988},
}

@ARTICLE{Munson_Introduction_to_the_manifold_calculus,
	author = {{Munson}, B.~A.},
	title = "{Introduction to the manifold calculus of Goodwillie-Weiss}",
	journal = {ArXiv e-prints},
	archivePrefix = "arXiv",
	eprint = {1005.1698},
	primaryClass = "math.AT",
	keywords = {Mathematics - Algebraic Topology, 57R40, 57R42},
	year = 2010,
	month = "May",
	adsurl = {http://adsabs.harvard.edu/abs/2010arXiv1005.1698M},
	adsnote = {Provided by the SAO/NASA Astrophysics Data System}
}


@ARTICLE{Sarcevic_Volic_A_streamlined_proof_,
	author = {{Sarcevic}, F. and {Volic}, I.},
	title = "{A streamlined proof of the convergence of the Taylor tower for embeddings in $\mathbb R^n$}",
	journal = {ArXiv e-prints},
	archivePrefix = "arXiv",
	eprint = {1707.09201},
	primaryClass = "math.AT",
	keywords = {Mathematics - Algebraic Topology, 57R40, 55R80},
	year = 2017,
	month = "Jul",
	adsurl = {http://adsabs.harvard.edu/abs/2017arXiv170709201S},
	adsnote = {Provided by the SAO/NASA Astrophysics Data System}
}

@article{Gromov_Pseudo_holomorphic_curves_,
author = {Gromov, M.},
journal = {Inventiones mathematicae},
keywords = {holomorphic curve; almost complex structure; pseudo holomorphic; J-curve; symplectic structure},
pages = {307-348},
title = {Pseudo holomorphic curves in symplectic manifolds.},
url = {http://eudml.org/doc/143289},
volume = {82},
year = {1985},
}

@ARTICLE{Ebert_Randal_Williams_semi_simplicial_spaces,
       author = {{Ebert}, Johannes and {Randal-Williams}, Oscar},
        title = "{Semi-simplicial spaces}",
      journal = {arXiv e-prints},
     keywords = {Mathematics - Algebraic Topology, 18G30, 55U10, 55R35},
         year = "2017",
        month = "May",
          eid = {arXiv:1705.03774},
        pages = {arXiv:1705.03774},
archivePrefix = {arXiv},
       eprint = {1705.03774},
 primaryClass = {math.AT},
       adsurl = {https://ui.adsabs.harvard.edu/\#abs/2017arXiv170503774E},
      adsnote = {Provided by the SAO/NASA Astrophysics Data System}
}

@article{Sullivan_Sphere_Eversions_from_Smale_through,
      author = {Sullivan, John},
      year = {2002},
      month = {01},
      pages = {},
      title = {Sphere Eversions: from Smale through “The Optiverse”},
      doi = {10.1007/978-3-662-04909-9_22}
}

@article{Hirsch_Immersions_of_manifolds,
  title = {Immersions of manifolds},
  author = {Morris W. Hirsch},
  journal = {Transactions of the American Mathematicas Society},
  year = "1959",
  volume = "93",
  pages = "242-276",
  doi = "https://doi.org/10.1090/S0002-9947-1959-0119214-4"
}

@article{Isaksen_A_Cohomological_Viewpoint_on_Elementary_School_Arithmetic,
 ISSN = {00029890, 19300972},
 URL = {http://www.jstor.org/stable/3072368},
 author = {Daniel C. Isaksen},
 journal = {The American Mathematical Monthly},
 number = {9},
 pages = {796--805},
 publisher = {Mathematical Association of America},
 title = {A Cohomological Viewpoint on Elementary School Arithmetic},
 volume = {109},
 year = {2002}
}

@article{Hind_Pinsonnault_Wu_Symplectormophism_groups_of_non_compact_manifolds_,
author = {Hind, Richard and Pinsonnault, Martin and Wu, Weiwei},
year = {2013},
month = {05},
pages = {},
title = {Symplectormophism groups of non-compact manifolds, orbifold balls, and a space of {L}agrangians},
volume = {14},
journal = {Journal of Symplectic Geometry},
doi = {10.4310/JSG.2016.v14.n1.a8}
}

@Article{Hind_Lagrangian_spheres_inS2xS2_,
author="Hind, Richard",
title="{L}agrangian spheres in {$S^2 \times S^2$}",
journal="Geometric {\&} Functional Analysis",
year="2004",
month="Apr",
day="01",
volume="14",
number="2",
pages="303--318",
abstract="((no abstract))",
issn="1420-8970",
doi="10.1007/s00039-004-0459-6",
url="https://doi.org/10.1007/s00039-004-0459-6"
}

@article{Hind_Lagrangian_unknottedness_in_Stein_surfaces,
author = {Hind, Richard},
year = {2012},
month = {Mar},
pages = {},
title = {{L}agrangian unknottedness in Stein surfaces},
volume = {16},
journal = {Asian Journal of Mathematics},
doi = {10.4310/AJM.2012.v16.n1.a1}
}


@article{Sinha_Embedding_calculus_knot_invariants_are_of_finite_type,
	author = "Ryan Budney and James Conant and Robin Koytcheff and Dev Sinha",
	title = "Embedding calculus knot invariants are of finite type",
	year = "2017",
	journal = "Geometry and Topology",
	volume = "17",
	issue = "3",
	pages = "1701–1742"
}

@article{Kupers_Some_finiteness_results_for_groups_of_automorphisms_of_manifolds,
author = "Kupers, Alexander",
doi = "10.2140/gt.2019.23.2277",
fjournal = "Geometry & Topology",
journal = "Geom. Topol.",
number = "5",
pages = "2277--2333",
publisher = "MSP",
title = "Some finiteness results for groups of automorphisms of manifolds",
url = "https://doi.org/10.2140/gt.2019.23.2277",
volume = "23",
year = "2019"
}

@article{Kragh_Parametrized_Ring_Spectra_,
author = "Kragh, Thomas",
doi = "10.2140/gt.2013.17.639",
fjournal = "Geometry & Topology",
journal = "Geom. Topol.",
number = "2",
pages = "639--731",
publisher = "MSP",
title = "Parametrized ring-spectra and the nearby {L}agrangian conjecture",
url = "https://doi.org/10.2140/gt.2013.17.639",
volume = "17",
year = "2013"
}

@article{Abouzaid_Kragh_Simple_homotopy_equivalence_of_nearby_Lagrangians,
author = "Abouzaid, Mohammed and Kragh, Thomas",
doi = "10.4310/ACTA.2018.v220.n2.a1",
fjournal = "Acta Mathematica",
journal = "Acta Math.",
month = "Jun",
number = "2",
pages = "207--237",
publisher = "Institut Mittag-Leffler",
title = "Simple homotopy equivalence of nearby {L}agrangians",
url = "https://doi.org/10.4310/ACTA.2018.v220.n2.a1",
volume = "220",
year = "2018"
}
